@misc{VAET,
  title={Tutorial on Variational autoencoders},
  author={Carl Doersch},
  year={2016},
  howpublished = "\url{https://arxiv.org/pdf/1606.05908.pdf}"
}

@misc{VAE,
  title={Understanding Variational Autoencoders},
  author={Joseph Rocca},
  year={2019},
  howpublished = "\url{https://towardsdatascience.com/understanding-variational-autoencoders-vaes-f70510919f73}"
}

@misc{ELBO,
  title={Understanding Variational Autoencoders},
  howpublished = "\url{https://en.wikipedia.org/wiki/Evidence_lower_bound}"
}
