@book{UNderstandingML,
  title={Understanding Machine Learning, Chapter 16},
  author={Shai Shalev-Shwartz, Shai Ben-David},
  year={2014},
  publisher={Cambridge University Press}
}
