@book{bertsimas1997introduction,
  title={Introduction to linear optimization},
  author={Bertsimas, Dimitris and Tsitsiklis, John N},
  volume={6},
  year={1997},
  publisher={Athena Scientific Belmont, MA}
}

@book{boyd2004convex,
  title={Convex optimization},
  author={Boyd, Stephen and Vandenberghe, Lieven},
  year={2004},
  publisher={Cambridge university press}
}

@book{wolsey2014integer,
  title={Integer and combinatorial optimization},
  author={Wolsey, Laurence A and Nemhauser, George L},
  year={2014},
  publisher={John Wiley \& Sons}
}