@book{rasmussen,
  title={Gaussian Processes for Machine Learning},
  author={C. E. Rasmussen and C. K. I. Williams},
  year={2006},
  publisher={The MIT Press}
}
