@book{bertsimas1997introduction,
  title={Introduction to linear optimization},
  author={Bertsimas, Dimitris and Tsitsiklis, John N},
  volume={6},
  year={1997},
  publisher={Athena Scientific Belmont, MA}
}

@book{boyd2004convex,
  title={Convex optimization},
  author={Boyd, Stephen and Vandenberghe, Lieven},
  year={2004},
  publisher={Cambridge university press}
}

@book{wolsey2014integer,
  title={Integer and combinatorial optimization},
  author={Wolsey, Laurence A and Nemhauser, George L},
  year={2014},
  publisher={John Wiley \& Sons}
}

@book{class,
  title = {CS231n: Deep Learning for Computer Vision},
  author={},
  year={},
  publisher={Stanford University}
}

@article{graddesc,
  author    = {Sebastian Ruder},
  title     = {An overview of gradient descent optimization algorithms},
  journal   = {CoRR},
  volume    = {abs},
  year      = {2016},
}

@article{rate,
  
  author = {Fehrman, Benjamin and Gess, Benjamin and Jentzen, Arnulf},
  
  keywords = {Numerical Analysis (math.NA), Machine Learning (cs.LG), Probability (math.PR), Machine Learning (stat.ML), FOS: Mathematics, FOS: Mathematics, FOS: Computer and information sciences, FOS: Computer and information sciences},
  
  title = {Convergence rates for the stochastic gradient descent method for non-convex objective functions},
 
  
  year = {2019},

}

@article{he,
  
  author = {He, Kaiming and Zhang, Xiangyu and Ren, Shaoqing and Sun, Jian},
  
  keywords = {Computer Vision and Pattern Recognition (cs.CV), Artificial Intelligence (cs.AI), Machine Learning (cs.LG), FOS: Computer and information sciences, FOS: Computer and information sciences},
  
  title = {Delving Deep into Rectifiers: Surpassing Human-Level Performance on ImageNet Classification},
}
