@ONLINE{prop,
    url ={https://fabiandablander.com/statistics/Two-Properties.html},
    title = {Properties of multi-variate Gaussian}
}

@ONLINE{blog,
    url ={https://towardsdatascience.com/understanding-gaussian-process-the-socratic-way-ba02369d804},
    title = {Gaussian Process}
}
@ONLINE{reg,
    url ={https://en.wikipedia.org/wiki/Nonparametric_regression},
    title = {Non-parametric regression}
}

@ONLINE{pca,
    url ={https://www.geeksforgeeks.org/ml-introduction-to-kernel-pca/},
    title = {Kernel PCA}
}

@book{gaussianprocessmachinelearning,
  title={Gaussian Processes for Machine Learning},
  author={C. E. Rasmussen and C. K. I. Williams},
  year={2006},
  publisher={The MIT Press}
}