@book{interactivelinalg,
  title="Interactive Linear Algebra",
  author="Dan Margalit and Joseph Rabinoff",
  year="2019"
}

@INPROCEEDINGS{averageconsensus,
  author={Lin Xiao and Boyd, S.},
  booktitle={42nd IEEE International Conference on Decision and Control (IEEE Cat. No.03CH37475)}, 
  title={Fast linear iterations for distributed averaging}, 
  year={2003},
  volume={5},
  number={},
  pages={4997-5002 Vol.5},
  doi={10.1109/CDC.2003.1272421}
}